 @Manual{rmarkdown,
title = {rmarkdown: Dynamic Documents for R},
author = {JJ Allaire and Yihui Xie and Jonathan McPherson and Javier Luraschi and Kevin Ushey and Aron Atkins and Hadley Wickham and Joe Cheng and Winston Chang and Richard Iannone},
year = {2021},
note = {R package version 2.7},
url = {https://github.com/rstudio/rmarkdown},
}


@article{owidalcoholconsumption,
    author = {Hannah Ritchie and Max Roser},
    title = {Alcohol Consumption},
    journal = {Our World in Data},
    year = {2018},
    note = {https://ourworldindata.org/alcohol-consumption}

}

@Manual{here,
    title = {here: A Simpler Way to Find Your Files},
    author = {Kirill Müller},
    year = {2020},
    note = {R package version 1.0.1},
    url = {https://CRAN.R-project.org/package=here},
  }

@Manual{broom,
    title = {broom: Convert Statistical Objects into Tidy Tibbles},
    author = {David Robinson and Alex Hayes and Simon Couch},
    year = {2023},
    note = {R package version 1.0.4},
    url = {https://CRAN.R-project.org/package=broom},
  }
  
  
  @Manual{ggrepel,
    title = {ggrepel: Automatically Position Non-Overlapping Text Labels with
'ggplot2'},
    author = {Kamil Slowikowski},
    year = {2023},
    note = {R package version 0.9.3},
    url = {https://CRAN.R-project.org/package=ggrepel},
  }

@Article{tidyverse,
    title = {Welcome to the {tidyverse}},
    author = {Hadley Wickham and Mara Averick and Jennifer Bryan and Winston Chang and Lucy D'Agostino McGowan and Romain François and Garrett Grolemund and Alex Hayes and Lionel Henry and Jim Hester and Max Kuhn and Thomas Lin Pedersen and Evan Miller and Stephan Milton Bache and Kirill Müller and Jeroen Ooms and David Robinson and Dana Paige Seidel and Vitalie Spinu and Kohske Takahashi and Davis Vaughan and Claus Wilke and Kara Woo and Hiroaki Yutani},
    year = {2019},
    journal = {Journal of Open Source Software},
    volume = {4},
    number = {43},
    pages = {1686},
    doi = {10.21105/joss.01686},
  }
  
  @Book{ggplot2,
    author = {Hadley Wickham},
    title = {ggplot2: Elegant Graphics for Data Analysis},
    publisher = {Springer-Verlag New York},
    year = {2016},
    isbn = {978-3-319-24277-4},
    url = {https://ggplot2.tidyverse.org},
  }
  
  @MISC{Xie2020-es, 
  title = "bookdown: Authoring Books and Technical Documents with {R} Markdown", 
  author = "Xie, Yihui", year = 2020, 
  url = "https://github.com/rstudio/bookdown" }
  
@Manual{kableExtra,
    title = {kableExtra: Construct Complex Table with 'kable' and Pipe Syntax},
    author = {Hao Zhu},
    year = {2021},
    note = {R package version 1.3.4},
    url = {https://CRAN.R-project.org/package=kableExtra},
  }
  
  @InCollection{knitr,
    booktitle = {Implementing Reproducible Computational Research},
    editor = {Victoria Stodden and Friedrich Leisch and Roger D. Peng},
    title = {knitr: A Comprehensive Tool for Reproducible Research in {R}},
    author = {Yihui Xie},
    publisher = {Chapman and Hall/CRC},
    year = {2014},
    note = {ISBN 978-1466561595},
  }
  
  @Article{tinytex,
    title = {TinyTeX: A lightweight, cross-platform, and easy-to-maintain LaTeX distribution based on TeX Live},
    author = {Yihui Xie},
    journal = {TUGboat},
    year = {2019},
    volume = {40},
    number = {1},
    pages = {30--32},
    url = {https://tug.org/TUGboat/Contents/contents40-1.html},
  }
  
  @misc{nationalnational,
  title={National Institute on Alcohol Abuse and Alcoholism. Alcohol Use Disorder},
  author={National Institutes of Health and others}
}
  